@book{Kalyanasundaram_Pruhs,
  title={Constructing competitive tours from local information},
  author={B. Kalyanasundaram, K. Pruhs},
  isbn={},
  url={},
  year={1994},
  pages={125-138},
  publisher={Theor. Comput. Sci. 130(1)}
}

@book{Rosenkrantz_Stearns_Levis,
  title={An analysis of several heuristicsfor the traveling salesman problem},
  author={D.J. Rosenkrantz, R.E. Stearns, P.M. Levis},
  isbn={},
  url={},
  year={1977},
  pages={563–581},
  publisher={SIAM J. Comput. 6(3)}
}

@book{Megow_Mehlhorn_Schweitzer,
  title={Online graph exploration: new results on old and new algorithms},
  author={N. Megow, K. Mehlhorn, P. Schweitzer},
  isbn={},
  url={},
  year={2012},
  pages={62–72},
  publisher={Theor. Comput. Sci. 463}
}

@book{Hurkens_Woeginger,
  title={On the nearest neighbor rule for the traveling salesman problem},
  author={C. Hurkens, G. Woeginger},
  isbn={},
  url={https://doi.org/10.1016/S0167-6377(03)00093-2},
  year={2004},
  pages={1–4},
  publisher={Oper. Res. Lett. 32}
}

@book{Dobrev_Královi_Markou,
  title={Online graph exploration with ad-vice},
  author={S. Dobrev, R. Královiˇc, E. Markou},
  isbn={},
  url={},
  year={2012},
  pages={267–278},
  publisher={G. Even, M.M. Halldórsson (Eds.), Structural Information and Communication Complexity, Springer Berlin Heidelberg, Berlin, Hei-delberg2}
}

@book{Birx_Disser_Hopp_Karousatou,
  title={Improved lower bound for competitive graph exploration},
  author={A. Birx, Y. Disser, A.V. Hopp, C. Karousatou},
  isbn={arXiv:2002.10958},
  url={},
  year={2020},
  pages={},
  publisher={}
}

@book{Miyazaki_Morimoto_Okabe,
  title={The online graph explo-ration problem on restricted graphs},
  author={S. Miyazaki, N. Morimoto, Y. Okabe},
  isbn={},
  url={},
  year={2009},
  pages={1620–1627},
  publisher={IEICE Trans. 92-D(9)}
}

@book{Herlihy_Tirthapura_Wattenhofer,
  title={Competitive concurrent distributed queuing},
  author={M. Herlihy, S. Tirthapura, R. Wattenhofer},
  isbn={},
  url={},
  year={2001},
  pages={127–133},
  publisher={Proceedings of the Twentieth Annual ACM Symposium on Principles of Distributed Computing, PODC ’01, As-sociation for Computing Machinery, New York, NY, USA}
}

@book{Deng_Papadimitriou,
  title={Exploring an unknown graph},
  author={X. Deng, C.H. Papadimitriou},
  isbn={},
  url={},
  year={1990},
  pages={355–361},
  publisher={Pro-ceedings of the 31st Annual Symposium on Foundations of Computer Science, SFCS ’90, vol.1, IEEE Computer Society, Washington, DC, USA}
}

@book{Albers_Henzinger,
  title={Exploring unknown environments},
  author={S. Albers, M.R. Henzinger},
  isbn={},
  url={https://doi.org/10.1137/S009753979732428X},
  year={2000},
  pages={1164–1188},
  publisher={SIAM J. Comput. 29(4)}
}

@book{Fleischer_Trippen,
  title={Exploring an unknown graph efficiently},
  author={R. Fleischer, G. Trippen},
  isbn={},
  url={},
  year={2005},
  pages={11–22},
  publisher={G.S. Brodal, S. Leonardi (Eds.), Algorithms – ESA 2005, Springer Berlin Heidelberg, Berlin, Heidelberg}
}